%YAML 1.1
%TAG !u! tag:unity3d.com,2011:
--- !u!244 &-5656649075490907951
AudioMixerEffectController:
  m_ObjectHideFlags: 3
  m_CorrespondingSourceObject: {fileID: 0}
  m_PrefabInstance: {fileID: 0}
  m_PrefabAsset: {fileID: 0}
  m_Name: 
  m_EffectID: 0291ba096b8dc6a4caadd691debb0d3f
  m_EffectName: Attenuation
  m_MixLevel: bad5233d170224b40a0299fcd9939a19
  m_Parameters: []
  m_SendTarget: {fileID: 0}
  m_EnableWetMix: 0
  m_Bypass: 0
--- !u!243 &-2154085609698772623
AudioMixerGroupController:
  m_ObjectHideFlags: 0
  m_CorrespondingSourceObject: {fileID: 0}
  m_PrefabInstance: {fileID: 0}
  m_PrefabAsset: {fileID: 0}
  m_Name: Music
  m_AudioMixer: {fileID: 24100000}
  m_GroupID: c03f74826b38e664f9bd7ef34b51a942
  m_Children: []
  m_Volume: 3b4cbc9e02d7ed34ebdd693c965b601f
  m_Pitch: 603a3ea3f9b2b49418e555003ff0c217
  m_Send: 00000000000000000000000000000000
  m_Effects:
  - {fileID: -5656649075490907951}
  m_UserColorIndex: 0
  m_Mute: 0
  m_Solo: 0
  m_BypassEffects: 0
--- !u!243 &-187535307424748221
AudioMixerGroupController:
  m_ObjectHideFlags: 0
  m_CorrespondingSourceObject: {fileID: 0}
  m_PrefabInstance: {fileID: 0}
  m_PrefabAsset: {fileID: 0}
  m_Name: SoundEffects
  m_AudioMixer: {fileID: 24100000}
  m_GroupID: 72057839bdc293845810d4dedc7e6497
  m_Children: []
  m_Volume: 83e8c141f4de2ff40975f767e34265d0
  m_Pitch: e9306a6d19cc4a344a9ad23d6f7633a7
  m_Send: 00000000000000000000000000000000
  m_Effects:
  - {fileID: 3988590650141774341}
  m_UserColorIndex: 0
  m_Mute: 0
  m_Solo: 0
  m_BypassEffects: 0
--- !u!241 &24100000
AudioMixerController:
  m_ObjectHideFlags: 0
  m_CorrespondingSourceObject: {fileID: 0}
  m_PrefabInstance: {fileID: 0}
  m_PrefabAsset: {fileID: 0}
  m_Name: GameAudioMixer
  m_OutputGroup: {fileID: 0}
  m_MasterGroup: {fileID: 24300002}
  m_Snapshots:
  - {fileID: 24500006}
  m_StartSnapshot: {fileID: 24500006}
  m_SuspendThreshold: -80
  m_EnableSuspend: 1
  m_UpdateMode: 0
  m_ExposedParameters: []
  m_AudioMixerGroupViews:
  - guids:
    - a43ebfab9a6b922429b71f3fcea4d206
    - c03f74826b38e664f9bd7ef34b51a942
    - 72057839bdc293845810d4dedc7e6497
    name: View
  m_CurrentViewIndex: 0
  m_TargetSnapshot: {fileID: 24500006}
--- !u!243 &24300002
AudioMixerGroupController:
  m_ObjectHideFlags: 0
  m_CorrespondingSourceObject: {fileID: 0}
  m_PrefabInstance: {fileID: 0}
  m_PrefabAsset: {fileID: 0}
  m_Name: Master
  m_AudioMixer: {fileID: 24100000}
  m_GroupID: a43ebfab9a6b922429b71f3fcea4d206
  m_Children:
  - {fileID: -2154085609698772623}
  - {fileID: -187535307424748221}
  m_Volume: 5b0e7719c9a0eda4fbf44ec8340143ad
  m_Pitch: 26ec52dc34aa442468a212fda702212d
  m_Send: 00000000000000000000000000000000
  m_Effects:
  - {fileID: 24400004}
  m_UserColorIndex: 0
  m_Mute: 0
  m_Solo: 0
  m_BypassEffects: 0
--- !u!244 &24400004
AudioMixerEffectController:
  m_ObjectHideFlags: 3
  m_CorrespondingSourceObject: {fileID: 0}
  m_PrefabInstance: {fileID: 0}
  m_PrefabAsset: {fileID: 0}
  m_Name: 
  m_EffectID: 40192920b20f3a1488f2a2b1602fc661
  m_EffectName: Attenuation
  m_MixLevel: 1ad39f43f1579fb4a9b797bde3c683e1
  m_Parameters: []
  m_SendTarget: {fileID: 0}
  m_EnableWetMix: 0
  m_Bypass: 0
--- !u!245 &24500006
AudioMixerSnapshotController:
  m_ObjectHideFlags: 0
  m_CorrespondingSourceObject: {fileID: 0}
  m_PrefabInstance: {fileID: 0}
  m_PrefabAsset: {fileID: 0}
  m_Name: Snapshot
  m_AudioMixer: {fileID: 24100000}
  m_SnapshotID: 4e9b5b89204eba0438edb268476f362b
  m_FloatValues:
    3b4cbc9e02d7ed34ebdd693c965b601f: -4.5603485
  m_TransitionOverrides: {}
--- !u!244 &3988590650141774341
AudioMixerEffectController:
  m_ObjectHideFlags: 3
  m_CorrespondingSourceObject: {fileID: 0}
  m_PrefabInstance: {fileID: 0}
  m_PrefabAsset: {fileID: 0}
  m_Name: 
  m_EffectID: e001bbe78ec86b94c80a1feb9ac4643f
  m_EffectName: Attenuation
  m_MixLevel: 6d8997daf95e95947acc45866dccf7c9
  m_Parameters: []
  m_SendTarget: {fileID: 0}
  m_EnableWetMix: 0
  m_Bypass: 0
