%YAML 1.1
%TAG !u! tag:unity3d.com,2011:
--- !u!1 &8447382381534465316
GameObject:
  m_ObjectHideFlags: 0
  m_CorrespondingSourceObject: {fileID: 0}
  m_PrefabInstance: {fileID: 0}
  m_PrefabAsset: {fileID: 0}
  serializedVersion: 6
  m_Component:
  - component: {fileID: 3537238071766113004}
  m_Layer: 0
  m_Name: FloorBlock
  m_TagString: Untagged
  m_Icon: {fileID: 0}
  m_NavMeshLayer: 0
  m_StaticEditorFlags: 0
  m_IsActive: 1
--- !u!4 &3537238071766113004
Transform:
  m_ObjectHideFlags: 0
  m_CorrespondingSourceObject: {fileID: 0}
  m_PrefabInstance: {fileID: 0}
  m_PrefabAsset: {fileID: 0}
  m_GameObject: {fileID: 8447382381534465316}
  m_LocalRotation: {x: 0, y: 0, z: 0, w: 1}
  m_LocalPosition: {x: 0, y: 0, z: 0}
  m_LocalScale: {x: 1, y: 1, z: 1}
  m_Children:
  - {fileID: 5758278711361861926}
  - {fileID: 1060779296605153860}
  - {fileID: 6921487960225047248}
  - {fileID: 2184907182671444752}
  m_Father: {fileID: 0}
  m_RootOrder: 0
  m_LocalEulerAnglesHint: {x: 0, y: 0, z: 0}
--- !u!1001 &4178248662372672814
PrefabInstance:
  m_ObjectHideFlags: 0
  serializedVersion: 2
  m_Modification:
    m_TransformParent: {fileID: 3537238071766113004}
    m_Modifications:
    - target: {fileID: 2859300349627194942, guid: 1059928d842b7cb409a2b275c8d61fb3, type: 3}
      propertyPath: m_RootOrder
      value: 3
      objectReference: {fileID: 0}
    - target: {fileID: 2859300349627194942, guid: 1059928d842b7cb409a2b275c8d61fb3, type: 3}
      propertyPath: m_LocalPosition.x
      value: 0
      objectReference: {fileID: 0}
    - target: {fileID: 2859300349627194942, guid: 1059928d842b7cb409a2b275c8d61fb3, type: 3}
      propertyPath: m_LocalPosition.y
      value: 0
      objectReference: {fileID: 0}
    - target: {fileID: 2859300349627194942, guid: 1059928d842b7cb409a2b275c8d61fb3, type: 3}
      propertyPath: m_LocalPosition.z
      value: 0
      objectReference: {fileID: 0}
    - target: {fileID: 2859300349627194942, guid: 1059928d842b7cb409a2b275c8d61fb3, type: 3}
      propertyPath: m_LocalRotation.w
      value: 1
      objectReference: {fileID: 0}
    - target: {fileID: 2859300349627194942, guid: 1059928d842b7cb409a2b275c8d61fb3, type: 3}
      propertyPath: m_LocalRotation.x
      value: 0
      objectReference: {fileID: 0}
    - target: {fileID: 2859300349627194942, guid: 1059928d842b7cb409a2b275c8d61fb3, type: 3}
      propertyPath: m_LocalRotation.y
      value: 0
      objectReference: {fileID: 0}
    - target: {fileID: 2859300349627194942, guid: 1059928d842b7cb409a2b275c8d61fb3, type: 3}
      propertyPath: m_LocalRotation.z
      value: 0
      objectReference: {fileID: 0}
    - target: {fileID: 2859300349627194942, guid: 1059928d842b7cb409a2b275c8d61fb3, type: 3}
      propertyPath: m_LocalEulerAnglesHint.x
      value: 0
      objectReference: {fileID: 0}
    - target: {fileID: 2859300349627194942, guid: 1059928d842b7cb409a2b275c8d61fb3, type: 3}
      propertyPath: m_LocalEulerAnglesHint.y
      value: 0
      objectReference: {fileID: 0}
    - target: {fileID: 2859300349627194942, guid: 1059928d842b7cb409a2b275c8d61fb3, type: 3}
      propertyPath: m_LocalEulerAnglesHint.z
      value: 0
      objectReference: {fileID: 0}
    - target: {fileID: 3811641959063392872, guid: 1059928d842b7cb409a2b275c8d61fb3, type: 3}
      propertyPath: m_Materials.Array.data[2]
      value: 
      objectReference: {fileID: 2100000, guid: 0ed9a35f7ef11694e9247d1d332d6918, type: 2}
    - target: {fileID: 4449239355304601522, guid: 1059928d842b7cb409a2b275c8d61fb3, type: 3}
      propertyPath: m_Name
      value: FloorCircleBig
      objectReference: {fileID: 0}
    m_RemovedComponents: []
  m_SourcePrefab: {fileID: 100100000, guid: 1059928d842b7cb409a2b275c8d61fb3, type: 3}
--- !u!4 &2184907182671444752 stripped
Transform:
  m_CorrespondingSourceObject: {fileID: 2859300349627194942, guid: 1059928d842b7cb409a2b275c8d61fb3, type: 3}
  m_PrefabInstance: {fileID: 4178248662372672814}
  m_PrefabAsset: {fileID: 0}
--- !u!1001 &5349091488704304712
PrefabInstance:
  m_ObjectHideFlags: 0
  serializedVersion: 2
  m_Modification:
    m_TransformParent: {fileID: 3537238071766113004}
    m_Modifications:
    - target: {fileID: 3986167541834776349, guid: 2d804b533a640144aa4325174aff9481, type: 3}
      propertyPath: m_Name
      value: FloorCircle (3)
      objectReference: {fileID: 0}
    - target: {fileID: 4936912178259442700, guid: 2d804b533a640144aa4325174aff9481, type: 3}
      propertyPath: m_RootOrder
      value: 1
      objectReference: {fileID: 0}
    - target: {fileID: 4936912178259442700, guid: 2d804b533a640144aa4325174aff9481, type: 3}
      propertyPath: m_LocalPosition.x
      value: 10
      objectReference: {fileID: 0}
    - target: {fileID: 4936912178259442700, guid: 2d804b533a640144aa4325174aff9481, type: 3}
      propertyPath: m_LocalPosition.y
      value: 0
      objectReference: {fileID: 0}
    - target: {fileID: 4936912178259442700, guid: 2d804b533a640144aa4325174aff9481, type: 3}
      propertyPath: m_LocalPosition.z
      value: -10
      objectReference: {fileID: 0}
    - target: {fileID: 4936912178259442700, guid: 2d804b533a640144aa4325174aff9481, type: 3}
      propertyPath: m_LocalRotation.w
      value: 1
      objectReference: {fileID: 0}
    - target: {fileID: 4936912178259442700, guid: 2d804b533a640144aa4325174aff9481, type: 3}
      propertyPath: m_LocalRotation.x
      value: -0
      objectReference: {fileID: 0}
    - target: {fileID: 4936912178259442700, guid: 2d804b533a640144aa4325174aff9481, type: 3}
      propertyPath: m_LocalRotation.y
      value: -0
      objectReference: {fileID: 0}
    - target: {fileID: 4936912178259442700, guid: 2d804b533a640144aa4325174aff9481, type: 3}
      propertyPath: m_LocalRotation.z
      value: -0
      objectReference: {fileID: 0}
    - target: {fileID: 4936912178259442700, guid: 2d804b533a640144aa4325174aff9481, type: 3}
      propertyPath: m_LocalEulerAnglesHint.x
      value: 0
      objectReference: {fileID: 0}
    - target: {fileID: 4936912178259442700, guid: 2d804b533a640144aa4325174aff9481, type: 3}
      propertyPath: m_LocalEulerAnglesHint.y
      value: 0
      objectReference: {fileID: 0}
    - target: {fileID: 4936912178259442700, guid: 2d804b533a640144aa4325174aff9481, type: 3}
      propertyPath: m_LocalEulerAnglesHint.z
      value: 0
      objectReference: {fileID: 0}
    m_RemovedComponents: []
  m_SourcePrefab: {fileID: 100100000, guid: 2d804b533a640144aa4325174aff9481, type: 3}
--- !u!4 &1060779296605153860 stripped
Transform:
  m_CorrespondingSourceObject: {fileID: 4936912178259442700, guid: 2d804b533a640144aa4325174aff9481, type: 3}
  m_PrefabInstance: {fileID: 5349091488704304712}
  m_PrefabAsset: {fileID: 0}
--- !u!1001 &5349091489293796120
PrefabInstance:
  m_ObjectHideFlags: 0
  serializedVersion: 2
  m_Modification:
    m_TransformParent: {fileID: 3537238071766113004}
    m_Modifications:
    - target: {fileID: 419478687747340862, guid: 4c1bf6173c4dd5e468f7e2d8149bcd27, type: 3}
      propertyPath: m_RootOrder
      value: 0
      objectReference: {fileID: 0}
    - target: {fileID: 419478687747340862, guid: 4c1bf6173c4dd5e468f7e2d8149bcd27, type: 3}
      propertyPath: m_LocalPosition.x
      value: 15.000001
      objectReference: {fileID: 0}
    - target: {fileID: 419478687747340862, guid: 4c1bf6173c4dd5e468f7e2d8149bcd27, type: 3}
      propertyPath: m_LocalPosition.y
      value: 0
      objectReference: {fileID: 0}
    - target: {fileID: 419478687747340862, guid: 4c1bf6173c4dd5e468f7e2d8149bcd27, type: 3}
      propertyPath: m_LocalPosition.z
      value: -9.999999
      objectReference: {fileID: 0}
    - target: {fileID: 419478687747340862, guid: 4c1bf6173c4dd5e468f7e2d8149bcd27, type: 3}
      propertyPath: m_LocalRotation.w
      value: 0.7071068
      objectReference: {fileID: 0}
    - target: {fileID: 419478687747340862, guid: 4c1bf6173c4dd5e468f7e2d8149bcd27, type: 3}
      propertyPath: m_LocalRotation.x
      value: -0
      objectReference: {fileID: 0}
    - target: {fileID: 419478687747340862, guid: 4c1bf6173c4dd5e468f7e2d8149bcd27, type: 3}
      propertyPath: m_LocalRotation.y
      value: 0.70710677
      objectReference: {fileID: 0}
    - target: {fileID: 419478687747340862, guid: 4c1bf6173c4dd5e468f7e2d8149bcd27, type: 3}
      propertyPath: m_LocalRotation.z
      value: -0
      objectReference: {fileID: 0}
    - target: {fileID: 419478687747340862, guid: 4c1bf6173c4dd5e468f7e2d8149bcd27, type: 3}
      propertyPath: m_LocalEulerAnglesHint.x
      value: 0
      objectReference: {fileID: 0}
    - target: {fileID: 419478687747340862, guid: 4c1bf6173c4dd5e468f7e2d8149bcd27, type: 3}
      propertyPath: m_LocalEulerAnglesHint.y
      value: 90
      objectReference: {fileID: 0}
    - target: {fileID: 419478687747340862, guid: 4c1bf6173c4dd5e468f7e2d8149bcd27, type: 3}
      propertyPath: m_LocalEulerAnglesHint.z
      value: 0
      objectReference: {fileID: 0}
    - target: {fileID: 5527350129223946621, guid: 4c1bf6173c4dd5e468f7e2d8149bcd27, type: 3}
      propertyPath: m_Name
      value: FloorStrip (2)
      objectReference: {fileID: 0}
    m_RemovedComponents: []
  m_SourcePrefab: {fileID: 100100000, guid: 4c1bf6173c4dd5e468f7e2d8149bcd27, type: 3}
--- !u!4 &5758278711361861926 stripped
Transform:
  m_CorrespondingSourceObject: {fileID: 419478687747340862, guid: 4c1bf6173c4dd5e468f7e2d8149bcd27, type: 3}
  m_PrefabInstance: {fileID: 5349091489293796120}
  m_PrefabAsset: {fileID: 0}
--- !u!1001 &7339839366629267694
PrefabInstance:
  m_ObjectHideFlags: 0
  serializedVersion: 2
  m_Modification:
    m_TransformParent: {fileID: 3537238071766113004}
    m_Modifications:
    - target: {fileID: 419478687747340862, guid: 4c1bf6173c4dd5e468f7e2d8149bcd27, type: 3}
      propertyPath: m_RootOrder
      value: 2
      objectReference: {fileID: 0}
    - target: {fileID: 419478687747340862, guid: 4c1bf6173c4dd5e468f7e2d8149bcd27, type: 3}
      propertyPath: m_LocalPosition.x
      value: 10.000001
      objectReference: {fileID: 0}
    - target: {fileID: 419478687747340862, guid: 4c1bf6173c4dd5e468f7e2d8149bcd27, type: 3}
      propertyPath: m_LocalPosition.y
      value: 0
      objectReference: {fileID: 0}
    - target: {fileID: 419478687747340862, guid: 4c1bf6173c4dd5e468f7e2d8149bcd27, type: 3}
      propertyPath: m_LocalPosition.z
      value: -10
      objectReference: {fileID: 0}
    - target: {fileID: 419478687747340862, guid: 4c1bf6173c4dd5e468f7e2d8149bcd27, type: 3}
      propertyPath: m_LocalRotation.w
      value: 1
      objectReference: {fileID: 0}
    - target: {fileID: 419478687747340862, guid: 4c1bf6173c4dd5e468f7e2d8149bcd27, type: 3}
      propertyPath: m_LocalRotation.x
      value: -0
      objectReference: {fileID: 0}
    - target: {fileID: 419478687747340862, guid: 4c1bf6173c4dd5e468f7e2d8149bcd27, type: 3}
      propertyPath: m_LocalRotation.y
      value: -0
      objectReference: {fileID: 0}
    - target: {fileID: 419478687747340862, guid: 4c1bf6173c4dd5e468f7e2d8149bcd27, type: 3}
      propertyPath: m_LocalRotation.z
      value: -0
      objectReference: {fileID: 0}
    - target: {fileID: 419478687747340862, guid: 4c1bf6173c4dd5e468f7e2d8149bcd27, type: 3}
      propertyPath: m_LocalEulerAnglesHint.x
      value: 0
      objectReference: {fileID: 0}
    - target: {fileID: 419478687747340862, guid: 4c1bf6173c4dd5e468f7e2d8149bcd27, type: 3}
      propertyPath: m_LocalEulerAnglesHint.y
      value: 0
      objectReference: {fileID: 0}
    - target: {fileID: 419478687747340862, guid: 4c1bf6173c4dd5e468f7e2d8149bcd27, type: 3}
      propertyPath: m_LocalEulerAnglesHint.z
      value: 0
      objectReference: {fileID: 0}
    - target: {fileID: 5527350129223946621, guid: 4c1bf6173c4dd5e468f7e2d8149bcd27, type: 3}
      propertyPath: m_Name
      value: FloorStrip (5)
      objectReference: {fileID: 0}
    m_RemovedComponents: []
  m_SourcePrefab: {fileID: 100100000, guid: 4c1bf6173c4dd5e468f7e2d8149bcd27, type: 3}
--- !u!4 &6921487960225047248 stripped
Transform:
  m_CorrespondingSourceObject: {fileID: 419478687747340862, guid: 4c1bf6173c4dd5e468f7e2d8149bcd27, type: 3}
  m_PrefabInstance: {fileID: 7339839366629267694}
  m_PrefabAsset: {fileID: 0}
