%YAML 1.1
%TAG !u! tag:unity3d.com,2011:
--- !u!1 &8962968086537251987
GameObject:
  m_ObjectHideFlags: 0
  m_CorrespondingSourceObject: {fileID: 0}
  m_PrefabInstance: {fileID: 0}
  m_PrefabAsset: {fileID: 0}
  serializedVersion: 6
  m_Component:
  - component: {fileID: 8962968086537251989}
  - component: {fileID: 8962968086537251988}
  m_Layer: 0
  m_Name: Gun
  m_TagString: Untagged
  m_Icon: {fileID: 0}
  m_NavMeshLayer: 0
  m_StaticEditorFlags: 0
  m_IsActive: 1
--- !u!4 &8962968086537251989
Transform:
  m_ObjectHideFlags: 0
  m_CorrespondingSourceObject: {fileID: 0}
  m_PrefabInstance: {fileID: 0}
  m_PrefabAsset: {fileID: 0}
  m_GameObject: {fileID: 8962968086537251987}
  m_LocalRotation: {x: -0.20199284, y: 0.13472469, z: -0.09970679, w: 0.96493876}
  m_LocalPosition: {x: 0, y: 0, z: 0}
  m_LocalScale: {x: 1, y: 1, z: 1}
  m_Children: []
  m_Father: {fileID: 8962968087578587192}
  m_RootOrder: 0
  m_LocalEulerAnglesHint: {x: 0, y: 0, z: 0}
--- !u!114 &8962968086537251988
MonoBehaviour:
  m_ObjectHideFlags: 0
  m_CorrespondingSourceObject: {fileID: 0}
  m_PrefabInstance: {fileID: 0}
  m_PrefabAsset: {fileID: 0}
  m_GameObject: {fileID: 8962968086537251987}
  m_Enabled: 1
  m_EditorHideFlags: 0
  m_Script: {fileID: 11500000, guid: f5efc1ccfd2885c48b3a1f12bcde4825, type: 3}
  m_Name: 
  m_EditorClassIdentifier: 
  rangedWeaponModel: {fileID: 11400000, guid: 8c25d66c707c5d348a4353c1b57490a9, type: 2}
  bulletPrefab: {fileID: 1138471281376893580, guid: 6eea18ab480f2ac469d1921ad527b2b6, type: 3}
  bulletSpawnPoint: {fileID: 8962968087122018476}
  shotCount: 7
  shotDispersionAngle: 45
  shotSpawnAreaWidth: 3
--- !u!1 &8962968087122018477
GameObject:
  m_ObjectHideFlags: 0
  m_CorrespondingSourceObject: {fileID: 0}
  m_PrefabInstance: {fileID: 0}
  m_PrefabAsset: {fileID: 0}
  serializedVersion: 6
  m_Component:
  - component: {fileID: 8962968087122018476}
  m_Layer: 0
  m_Name: BulletSpawnPoint
  m_TagString: Untagged
  m_Icon: {fileID: 0}
  m_NavMeshLayer: 0
  m_StaticEditorFlags: 0
  m_IsActive: 1
--- !u!4 &8962968087122018476
Transform:
  m_ObjectHideFlags: 0
  m_CorrespondingSourceObject: {fileID: 0}
  m_PrefabInstance: {fileID: 0}
  m_PrefabAsset: {fileID: 0}
  m_GameObject: {fileID: 8962968087122018477}
  m_LocalRotation: {x: -0, y: -0, z: -0, w: 1}
  m_LocalPosition: {x: -0.02, y: 2.32, z: 3.797}
  m_LocalScale: {x: 1, y: 1, z: 1}
  m_Children: []
  m_Father: {fileID: 8962968087578587192}
  m_RootOrder: 1
  m_LocalEulerAnglesHint: {x: 0, y: 0, z: 0}
--- !u!1 &8962968087578587186
GameObject:
  m_ObjectHideFlags: 0
  m_CorrespondingSourceObject: {fileID: 0}
  m_PrefabInstance: {fileID: 0}
  m_PrefabAsset: {fileID: 0}
  serializedVersion: 6
  m_Component:
  - component: {fileID: 8962968087578587192}
  - component: {fileID: 8962968087578587193}
  - component: {fileID: 8962968087578587190}
  - component: {fileID: 921784363472582992}
  - component: {fileID: 8962968087578587191}
  - component: {fileID: 8962968087578587188}
  - component: {fileID: 8962968087578587189}
  m_Layer: 6
  m_Name: Boss
  m_TagString: Untagged
  m_Icon: {fileID: 0}
  m_NavMeshLayer: 0
  m_StaticEditorFlags: 0
  m_IsActive: 1
--- !u!4 &8962968087578587192
Transform:
  m_ObjectHideFlags: 0
  m_CorrespondingSourceObject: {fileID: 0}
  m_PrefabInstance: {fileID: 0}
  m_PrefabAsset: {fileID: 0}
  m_GameObject: {fileID: 8962968087578587186}
  m_LocalRotation: {x: 0, y: 0, z: 0, w: 1}
  m_LocalPosition: {x: 0, y: 0, z: 0}
  m_LocalScale: {x: 1, y: 1, z: 1}
  m_Children:
  - {fileID: 8962968086537251989}
  - {fileID: 8962968087122018476}
  - {fileID: 8928494570673171179}
  m_Father: {fileID: 0}
  m_RootOrder: 0
  m_LocalEulerAnglesHint: {x: 0, y: 0, z: 0}
--- !u!143 &8962968087578587193
CharacterController:
  m_ObjectHideFlags: 0
  m_CorrespondingSourceObject: {fileID: 0}
  m_PrefabInstance: {fileID: 0}
  m_PrefabAsset: {fileID: 0}
  m_GameObject: {fileID: 8962968087578587186}
  m_Material: {fileID: 0}
  m_IsTrigger: 0
  m_Enabled: 1
  serializedVersion: 2
  m_Height: 6.173447
  m_Radius: 2.5
  m_SlopeLimit: 45
  m_StepOffset: 0.3
  m_SkinWidth: 0.08
  m_MinMoveDistance: 0.001
  m_Center: {x: 0, y: 3.44, z: 0}
--- !u!95 &8962968087578587190
Animator:
  serializedVersion: 3
  m_ObjectHideFlags: 0
  m_CorrespondingSourceObject: {fileID: 0}
  m_PrefabInstance: {fileID: 0}
  m_PrefabAsset: {fileID: 0}
  m_GameObject: {fileID: 8962968087578587186}
  m_Enabled: 1
  m_Avatar: {fileID: 9000000, guid: 3e1003888a676ca44a4f752fdb55c7de, type: 3}
  m_Controller: {fileID: 9100000, guid: 06fbac6870da4b2428109c9c4620c305, type: 2}
  m_CullingMode: 0
  m_UpdateMode: 0
  m_ApplyRootMotion: 0
  m_LinearVelocityBlending: 0
  m_WarningMessage: 
  m_HasTransformHierarchy: 1
  m_AllowConstantClipSamplingOptimization: 1
  m_KeepAnimatorControllerStateOnDisable: 0
--- !u!114 &921784363472582992
MonoBehaviour:
  m_ObjectHideFlags: 0
  m_CorrespondingSourceObject: {fileID: 0}
  m_PrefabInstance: {fileID: 0}
  m_PrefabAsset: {fileID: 0}
  m_GameObject: {fileID: 8962968087578587186}
  m_Enabled: 1
  m_EditorHideFlags: 0
  m_Script: {fileID: 11500000, guid: b53bb0b8138e1154fb42f2e73988d9c6, type: 3}
  m_Name: 
  m_EditorClassIdentifier: 
--- !u!114 &8962968087578587191
MonoBehaviour:
  m_ObjectHideFlags: 0
  m_CorrespondingSourceObject: {fileID: 0}
  m_PrefabInstance: {fileID: 0}
  m_PrefabAsset: {fileID: 0}
  m_GameObject: {fileID: 8962968087578587186}
  m_Enabled: 1
  m_EditorHideFlags: 0
  m_Script: {fileID: 11500000, guid: 663e3d79511dd96439c24bc2b5ce9e23, type: 3}
  m_Name: 
  m_EditorClassIdentifier: 
  actorModel: {fileID: 11400000, guid: 9cef884ffad1f1d4da6709a276a42b3f, type: 2}
  weaponController: {fileID: 8962968086537251988}
  afterDeathDestroyDelay: 1000
--- !u!114 &8962968087578587188
MonoBehaviour:
  m_ObjectHideFlags: 0
  m_CorrespondingSourceObject: {fileID: 0}
  m_PrefabInstance: {fileID: 0}
  m_PrefabAsset: {fileID: 0}
  m_GameObject: {fileID: 8962968087578587186}
  m_Enabled: 1
  m_EditorHideFlags: 0
  m_Script: {fileID: 11500000, guid: d9d14fbc6830be6489c26768740f5861, type: 3}
  m_Name: 
  m_EditorClassIdentifier: 
  MaxVelocityForMovementBlendTree: 10
--- !u!114 &8962968087578587189
MonoBehaviour:
  m_ObjectHideFlags: 0
  m_CorrespondingSourceObject: {fileID: 0}
  m_PrefabInstance: {fileID: 0}
  m_PrefabAsset: {fileID: 0}
  m_GameObject: {fileID: 8962968087578587186}
  m_Enabled: 1
  m_EditorHideFlags: 0
  m_Script: {fileID: 11500000, guid: 54516df4d48c515489df27d0b8824a3c, type: 3}
  m_Name: 
  m_EditorClassIdentifier: 
  target: {fileID: 0}
  timeToNextPointCalculationMin: 1
  timeToNextPointCalculationMax: 3
--- !u!1001 &8962968087041608960
PrefabInstance:
  m_ObjectHideFlags: 0
  serializedVersion: 2
  m_Modification:
    m_TransformParent: {fileID: 8962968087578587192}
    m_Modifications:
    - target: {fileID: -8679921383154817045, guid: 3e1003888a676ca44a4f752fdb55c7de, type: 3}
      propertyPath: m_RootOrder
      value: 2
      objectReference: {fileID: 0}
    - target: {fileID: -8679921383154817045, guid: 3e1003888a676ca44a4f752fdb55c7de, type: 3}
      propertyPath: m_LocalScale.x
      value: 3
      objectReference: {fileID: 0}
    - target: {fileID: -8679921383154817045, guid: 3e1003888a676ca44a4f752fdb55c7de, type: 3}
      propertyPath: m_LocalScale.y
      value: 3
      objectReference: {fileID: 0}
    - target: {fileID: -8679921383154817045, guid: 3e1003888a676ca44a4f752fdb55c7de, type: 3}
      propertyPath: m_LocalScale.z
      value: 3
      objectReference: {fileID: 0}
    - target: {fileID: -8679921383154817045, guid: 3e1003888a676ca44a4f752fdb55c7de, type: 3}
      propertyPath: m_LocalPosition.x
      value: 0
      objectReference: {fileID: 0}
    - target: {fileID: -8679921383154817045, guid: 3e1003888a676ca44a4f752fdb55c7de, type: 3}
      propertyPath: m_LocalPosition.y
      value: 0
      objectReference: {fileID: 0}
    - target: {fileID: -8679921383154817045, guid: 3e1003888a676ca44a4f752fdb55c7de, type: 3}
      propertyPath: m_LocalPosition.z
      value: 0
      objectReference: {fileID: 0}
    - target: {fileID: -8679921383154817045, guid: 3e1003888a676ca44a4f752fdb55c7de, type: 3}
      propertyPath: m_LocalRotation.w
      value: 1
      objectReference: {fileID: 0}
    - target: {fileID: -8679921383154817045, guid: 3e1003888a676ca44a4f752fdb55c7de, type: 3}
      propertyPath: m_LocalRotation.x
      value: 0
      objectReference: {fileID: 0}
    - target: {fileID: -8679921383154817045, guid: 3e1003888a676ca44a4f752fdb55c7de, type: 3}
      propertyPath: m_LocalRotation.y
      value: 0
      objectReference: {fileID: 0}
    - target: {fileID: -8679921383154817045, guid: 3e1003888a676ca44a4f752fdb55c7de, type: 3}
      propertyPath: m_LocalRotation.z
      value: 0
      objectReference: {fileID: 0}
    - target: {fileID: -8679921383154817045, guid: 3e1003888a676ca44a4f752fdb55c7de, type: 3}
      propertyPath: m_LocalEulerAnglesHint.x
      value: 0
      objectReference: {fileID: 0}
    - target: {fileID: -8679921383154817045, guid: 3e1003888a676ca44a4f752fdb55c7de, type: 3}
      propertyPath: m_LocalEulerAnglesHint.y
      value: 0
      objectReference: {fileID: 0}
    - target: {fileID: -8679921383154817045, guid: 3e1003888a676ca44a4f752fdb55c7de, type: 3}
      propertyPath: m_LocalEulerAnglesHint.z
      value: 0
      objectReference: {fileID: 0}
    - target: {fileID: 919132149155446097, guid: 3e1003888a676ca44a4f752fdb55c7de, type: 3}
      propertyPath: m_Name
      value: BigRobot
      objectReference: {fileID: 0}
    - target: {fileID: 5866666021909216657, guid: 3e1003888a676ca44a4f752fdb55c7de, type: 3}
      propertyPath: m_Enabled
      value: 0
      objectReference: {fileID: 0}
    - target: {fileID: 5866666021909216657, guid: 3e1003888a676ca44a4f752fdb55c7de, type: 3}
      propertyPath: m_Controller
      value: 
      objectReference: {fileID: 9100000, guid: 06fbac6870da4b2428109c9c4620c305, type: 2}
    m_RemovedComponents: []
  m_SourcePrefab: {fileID: 100100000, guid: 3e1003888a676ca44a4f752fdb55c7de, type: 3}
--- !u!4 &8928494570673171179 stripped
Transform:
  m_CorrespondingSourceObject: {fileID: -8679921383154817045, guid: 3e1003888a676ca44a4f752fdb55c7de, type: 3}
  m_PrefabInstance: {fileID: 8962968087041608960}
  m_PrefabAsset: {fileID: 0}
